<collection xmlns="http://www.loc.gov/MARC21/slim">
<record>
  <leader>01539nam0a2200301 i 450 </leader>
  <controlfield tag="001">IT\ICCU\CNCE\006152</controlfield>
  <controlfield tag="005">20070829000000.0</controlfield>
  <datafield tag="012" ind1=" " ind2=" ">
    <subfield code="a">m.m, i-te diea inba (3) 1569 (A)</subfield>
    <subfield code="2">fei</subfield>
  </datafield>
  <datafield tag="100" ind1=" " ind2=" ">
    <subfield code="a">19970101d1569        0itac0103    ba</subfield>
  </datafield>
  <datafield tag="101" ind1=" " ind2=" ">
    <subfield code="a">LAT</subfield>
  </datafield>
  <datafield tag="102" ind1=" " ind2=" ">
    <subfield code="a">IT</subfield>
  </datafield>
  <datafield tag="200" ind1="1" ind2=" ">
    <subfield code="a">℗Eccellentissimus dominus d. Marcellus Biringuccius Senensis i.u. doctor vespertinas lectiones in Senensi gymnasio legens ℗Super tit. C. qui admit. et l. I. de inst. &amp; subst</subfield>
  </datafield>
  <datafield tag="210" ind1=" " ind2=" ">
    <subfield code="a">Neapoli</subfield>
    <subfield code="c">apud Io. de Boy</subfield>
    <subfield code="d">1569</subfield>
    <subfield code="e">Venduntur Neapoli</subfield>
    <subfield code="g">apud s. Georgium in aedibus Ioannis de Boy impressoris</subfield>
  </datafield>
  <datafield tag="215" ind1=" " ind2=" ">
    <subfield code="a">\2!, 18 c.</subfield>
    <subfield code="d">fol</subfield>
  </datafield>
  <datafield tag="620" ind1=" " ind2=" ">
    <subfield code="a">IT</subfield>
    <subfield code="d">Napoli</subfield>
  </datafield>
  <datafield tag="700" ind1=" " ind2="1">
    <subfield code="a">Biringucci,</subfield>
    <subfield code="b">Marcello</subfield>
    <subfield code="3">IT\ICCU\CNCA\001750</subfield>
  </datafield>
  <datafield tag="712" ind1="0" ind2="0">
    <subfield code="a">De_Boy, Giovanni</subfield>
    <subfield code="3">IT\ICCU\CNCT\000638</subfield>
    <subfield code="4">650</subfield>
  </datafield>
  <datafield tag="790" ind1=" " ind2="1">
    <subfield code="a">Beringucius,</subfield>
    <subfield code="b">Marcellus</subfield>
    <subfield code="3">IT\ICCU\CNCA\007842</subfield>
    <subfield code="z">Biringucci, Marcello</subfield>
  </datafield>
  <datafield tag="791" ind1="0" ind2="0">
    <subfield code="a">Boy, Giovanni de</subfield>
    <subfield code="3">IT\ICCU\CNCT\003153</subfield>
    <subfield code="z">De_Boy, Giovanni</subfield>
  </datafield>
  <datafield tag="791" ind1="0" ind2="0">
    <subfield code="a">Du_Boy, Giovanni</subfield>
    <subfield code="3">IT\ICCU\CNCT\003158</subfield>
    <subfield code="z">De_Boy, Giovanni</subfield>
  </datafield>
  <datafield tag="791" ind1="0" ind2="0">
    <subfield code="a">Boyus, Ioannes</subfield>
    <subfield code="3">IT\ICCU\CNCT\004524</subfield>
    <subfield code="z">De_Boy, Giovanni</subfield>
  </datafield>
  <datafield tag="791" ind1="0" ind2="0">
    <subfield code="a">Boy, Ioannes</subfield>
    <subfield code="3">IT\ICCU\CNCT\004525</subfield>
    <subfield code="z">De_Boy, Giovanni</subfield>
  </datafield>
  <datafield tag="791" ind1="0" ind2="0">
    <subfield code="a">Della_Selva, Giovanni</subfield>
    <subfield code="3">IT\ICCU\CNCT\004526</subfield>
    <subfield code="z">De_Boy, Giovanni</subfield>
  </datafield>
  <datafield tag="801" ind1=" " ind2="3">
    <subfield code="a">IT</subfield>
    <subfield code="b">ICCU</subfield>
    <subfield code="c">20201113</subfield>
  </datafield>
  <datafield tag="899" ind1=" " ind2=" ">
    <subfield code="a">Biblioteca provinciale S. Teresa dei Maschi - De Gemmis. Bari</subfield>
    <subfield code="1">BA0136</subfield>
    <subfield code="2">BA1 DG</subfield>
  </datafield>
  <datafield tag="899" ind1=" " ind2=" ">
    <subfield code="a">Biblioteca nazionale Vittorio Emanuele III. Napoli</subfield>
    <subfield code="1">NA0079</subfield>
    <subfield code="2">NAP BN</subfield>
  </datafield>
  <datafield tag="899" ind1=" " ind2=" ">
    <subfield code="a">Biblioteca della Pontificia Facolt ̉teologica Marianum. Roma</subfield>
    <subfield code="1">RM0223</subfield>
    <subfield code="2">ZRM 30</subfield>
  </datafield>
  <datafield tag="899" ind1=" " ind2=" ">
    <subfield code="a">Biblioteca nazionale centrale. Roma</subfield>
    <subfield code="1">RM0267</subfield>
    <subfield code="2">BVE CR</subfield>
  </datafield>
</record>
</collection>
